%YAML 1.1
%TAG !u! tag:unity3d.com,2011:
--- !u!29 &1
OcclusionCullingSettings:
  m_ObjectHideFlags: 0
  serializedVersion: 2
  m_OcclusionBakeSettings:
    smallestOccluder: 5
    smallestHole: 0.25
    backfaceThreshold: 100
  m_SceneGUID: 00000000000000000000000000000000
  m_OcclusionCullingData: {fileID: 0}
--- !u!104 &2
RenderSettings:
  m_ObjectHideFlags: 0
  serializedVersion: 9
  m_Fog: 0
  m_FogColor: {r: 0.5, g: 0.5, b: 0.5, a: 1}
  m_FogMode: 3
  m_FogDensity: 0.01
  m_LinearFogStart: 0
  m_LinearFogEnd: 300
  m_AmbientSkyColor: {r: 0.212, g: 0.227, b: 0.259, a: 1}
  m_AmbientEquatorColor: {r: 0.114, g: 0.125, b: 0.133, a: 1}
  m_AmbientGroundColor: {r: 0.047, g: 0.043, b: 0.035, a: 1}
  m_AmbientIntensity: 1
  m_AmbientMode: 0
  m_SubtractiveShadowColor: {r: 0.42, g: 0.478, b: 0.627, a: 1}
  m_SkyboxMaterial: {fileID: 10304, guid: 0000000000000000f000000000000000, type: 0}
  m_HaloStrength: 0.5
  m_FlareStrength: 1
  m_FlareFadeSpeed: 3
  m_HaloTexture: {fileID: 0}
  m_SpotCookie: {fileID: 10001, guid: 0000000000000000e000000000000000, type: 0}
  m_DefaultReflectionMode: 0
  m_DefaultReflectionResolution: 128
  m_ReflectionBounces: 1
  m_ReflectionIntensity: 1
  m_CustomReflection: {fileID: 0}
  m_Sun: {fileID: 0}
  m_IndirectSpecularColor: {r: 0.44657898, g: 0.4964133, b: 0.5748178, a: 1}
  m_UseRadianceAmbientProbe: 0
--- !u!157 &3
LightmapSettings:
  m_ObjectHideFlags: 0
  serializedVersion: 12
  m_GIWorkflowMode: 1
  m_GISettings:
    serializedVersion: 2
    m_BounceScale: 1
    m_IndirectOutputScale: 1
    m_AlbedoBoost: 1
    m_EnvironmentLightingMode: 0
    m_EnableBakedLightmaps: 1
    m_EnableRealtimeLightmaps: 0
  m_LightmapEditorSettings:
    serializedVersion: 12
    m_Resolution: 2
    m_BakeResolution: 40
    m_AtlasSize: 1024
    m_AO: 0
    m_AOMaxDistance: 1
    m_CompAOExponent: 1
    m_CompAOExponentDirect: 0
    m_ExtractAmbientOcclusion: 0
    m_Padding: 2
    m_LightmapParameters: {fileID: 0}
    m_LightmapsBakeMode: 1
    m_TextureCompression: 1
    m_FinalGather: 0
    m_FinalGatherFiltering: 1
    m_FinalGatherRayCount: 256
    m_ReflectionCompression: 2
    m_MixedBakeMode: 2
    m_BakeBackend: 1
    m_PVRSampling: 1
    m_PVRDirectSampleCount: 32
    m_PVRSampleCount: 512
    m_PVRBounces: 2
    m_PVREnvironmentSampleCount: 256
    m_PVREnvironmentReferencePointCount: 2048
    m_PVRFilteringMode: 1
    m_PVRDenoiserTypeDirect: 1
    m_PVRDenoiserTypeIndirect: 1
    m_PVRDenoiserTypeAO: 1
    m_PVRFilterTypeDirect: 0
    m_PVRFilterTypeIndirect: 0
    m_PVRFilterTypeAO: 0
    m_PVREnvironmentMIS: 1
    m_PVRCulling: 1
    m_PVRFilteringGaussRadiusDirect: 1
    m_PVRFilteringGaussRadiusIndirect: 5
    m_PVRFilteringGaussRadiusAO: 2
    m_PVRFilteringAtrousPositionSigmaDirect: 0.5
    m_PVRFilteringAtrousPositionSigmaIndirect: 2
    m_PVRFilteringAtrousPositionSigmaAO: 1
    m_ExportTrainingData: 0
    m_TrainingDataDestination: TrainingData
    m_LightProbeSampleCountMultiplier: 4
  m_LightingDataAsset: {fileID: 0}
  m_LightingSettings: {fileID: 0}
--- !u!196 &4
NavMeshSettings:
  serializedVersion: 2
  m_ObjectHideFlags: 0
  m_BuildSettings:
    serializedVersion: 2
    agentTypeID: 0
    agentRadius: 0.5
    agentHeight: 2
    agentSlope: 45
    agentClimb: 0.4
    ledgeDropHeight: 0
    maxJumpAcrossDistance: 0
    minRegionArea: 2
    manualCellSize: 0
    cellSize: 0.16666667
    manualTileSize: 0
    tileSize: 256
    accuratePlacement: 0
    maxJobWorkers: 0
    preserveTilesOutsideBounds: 0
    debug:
      m_Flags: 0
  m_NavMeshData: {fileID: 0}
--- !u!1001 &138223869
PrefabInstance:
  m_ObjectHideFlags: 0
  serializedVersion: 2
  m_Modification:
    m_TransformParent: {fileID: 0}
    m_Modifications:
    - target: {fileID: 6000679935518528281, guid: 55c1886dcc18c924baf4128fd79efb9b, type: 3}
      propertyPath: m_Name
      value: Cube (8)
      objectReference: {fileID: 0}
    - target: {fileID: 6000679935518528293, guid: 55c1886dcc18c924baf4128fd79efb9b, type: 3}
      propertyPath: m_RootOrder
      value: 8
      objectReference: {fileID: 0}
    - target: {fileID: 6000679935518528293, guid: 55c1886dcc18c924baf4128fd79efb9b, type: 3}
      propertyPath: m_LocalPosition.x
      value: -0.5681248
      objectReference: {fileID: 0}
    - target: {fileID: 6000679935518528293, guid: 55c1886dcc18c924baf4128fd79efb9b, type: 3}
      propertyPath: m_LocalPosition.y
      value: 1
      objectReference: {fileID: 0}
    - target: {fileID: 6000679935518528293, guid: 55c1886dcc18c924baf4128fd79efb9b, type: 3}
      propertyPath: m_LocalPosition.z
      value: -4.775254
      objectReference: {fileID: 0}
    - target: {fileID: 6000679935518528293, guid: 55c1886dcc18c924baf4128fd79efb9b, type: 3}
      propertyPath: m_LocalRotation.w
      value: 1
      objectReference: {fileID: 0}
    - target: {fileID: 6000679935518528293, guid: 55c1886dcc18c924baf4128fd79efb9b, type: 3}
      propertyPath: m_LocalRotation.x
      value: 0
      objectReference: {fileID: 0}
    - target: {fileID: 6000679935518528293, guid: 55c1886dcc18c924baf4128fd79efb9b, type: 3}
      propertyPath: m_LocalRotation.y
      value: 0
      objectReference: {fileID: 0}
    - target: {fileID: 6000679935518528293, guid: 55c1886dcc18c924baf4128fd79efb9b, type: 3}
      propertyPath: m_LocalRotation.z
      value: 0
      objectReference: {fileID: 0}
    - target: {fileID: 6000679935518528293, guid: 55c1886dcc18c924baf4128fd79efb9b, type: 3}
      propertyPath: m_LocalEulerAnglesHint.x
      value: 0
      objectReference: {fileID: 0}
    - target: {fileID: 6000679935518528293, guid: 55c1886dcc18c924baf4128fd79efb9b, type: 3}
      propertyPath: m_LocalEulerAnglesHint.y
      value: 0
      objectReference: {fileID: 0}
    - target: {fileID: 6000679935518528293, guid: 55c1886dcc18c924baf4128fd79efb9b, type: 3}
      propertyPath: m_LocalEulerAnglesHint.z
      value: 0
      objectReference: {fileID: 0}
    m_RemovedComponents: []
  m_SourcePrefab: {fileID: 100100000, guid: 55c1886dcc18c924baf4128fd79efb9b, type: 3}
--- !u!1001 &302708180
PrefabInstance:
  m_ObjectHideFlags: 0
  serializedVersion: 2
  m_Modification:
    m_TransformParent: {fileID: 0}
    m_Modifications:
    - target: {fileID: 6000679935518528281, guid: 55c1886dcc18c924baf4128fd79efb9b, type: 3}
      propertyPath: m_Name
      value: Cube (6)
      objectReference: {fileID: 0}
    - target: {fileID: 6000679935518528293, guid: 55c1886dcc18c924baf4128fd79efb9b, type: 3}
      propertyPath: m_RootOrder
      value: 10
      objectReference: {fileID: 0}
    - target: {fileID: 6000679935518528293, guid: 55c1886dcc18c924baf4128fd79efb9b, type: 3}
      propertyPath: m_LocalPosition.x
      value: 6.146531
      objectReference: {fileID: 0}
    - target: {fileID: 6000679935518528293, guid: 55c1886dcc18c924baf4128fd79efb9b, type: 3}
      propertyPath: m_LocalPosition.y
      value: 1
      objectReference: {fileID: 0}
    - target: {fileID: 6000679935518528293, guid: 55c1886dcc18c924baf4128fd79efb9b, type: 3}
      propertyPath: m_LocalPosition.z
      value: 1.52
      objectReference: {fileID: 0}
    - target: {fileID: 6000679935518528293, guid: 55c1886dcc18c924baf4128fd79efb9b, type: 3}
      propertyPath: m_LocalRotation.w
      value: 1
      objectReference: {fileID: 0}
    - target: {fileID: 6000679935518528293, guid: 55c1886dcc18c924baf4128fd79efb9b, type: 3}
      propertyPath: m_LocalRotation.x
      value: 0
      objectReference: {fileID: 0}
    - target: {fileID: 6000679935518528293, guid: 55c1886dcc18c924baf4128fd79efb9b, type: 3}
      propertyPath: m_LocalRotation.y
      value: 0
      objectReference: {fileID: 0}
    - target: {fileID: 6000679935518528293, guid: 55c1886dcc18c924baf4128fd79efb9b, type: 3}
      propertyPath: m_LocalRotation.z
      value: 0
      objectReference: {fileID: 0}
    - target: {fileID: 6000679935518528293, guid: 55c1886dcc18c924baf4128fd79efb9b, type: 3}
      propertyPath: m_LocalEulerAnglesHint.x
      value: 0
      objectReference: {fileID: 0}
    - target: {fileID: 6000679935518528293, guid: 55c1886dcc18c924baf4128fd79efb9b, type: 3}
      propertyPath: m_LocalEulerAnglesHint.y
      value: 0
      objectReference: {fileID: 0}
    - target: {fileID: 6000679935518528293, guid: 55c1886dcc18c924baf4128fd79efb9b, type: 3}
      propertyPath: m_LocalEulerAnglesHint.z
      value: 0
      objectReference: {fileID: 0}
    m_RemovedComponents: []
  m_SourcePrefab: {fileID: 100100000, guid: 55c1886dcc18c924baf4128fd79efb9b, type: 3}
--- !u!1001 &362155928
PrefabInstance:
  m_ObjectHideFlags: 0
  serializedVersion: 2
  m_Modification:
    m_TransformParent: {fileID: 0}
    m_Modifications:
    - target: {fileID: 6000679935518528281, guid: 55c1886dcc18c924baf4128fd79efb9b, type: 3}
      propertyPath: m_Name
      value: Cube (1)
      objectReference: {fileID: 0}
    - target: {fileID: 6000679935518528293, guid: 55c1886dcc18c924baf4128fd79efb9b, type: 3}
      propertyPath: m_RootOrder
      value: 21
      objectReference: {fileID: 0}
    - target: {fileID: 6000679935518528293, guid: 55c1886dcc18c924baf4128fd79efb9b, type: 3}
      propertyPath: m_LocalScale.x
      value: 1
      objectReference: {fileID: 0}
    - target: {fileID: 6000679935518528293, guid: 55c1886dcc18c924baf4128fd79efb9b, type: 3}
      propertyPath: m_LocalScale.y
      value: 1
      objectReference: {fileID: 0}
    - target: {fileID: 6000679935518528293, guid: 55c1886dcc18c924baf4128fd79efb9b, type: 3}
      propertyPath: m_LocalScale.z
      value: 1
      objectReference: {fileID: 0}
    - target: {fileID: 6000679935518528293, guid: 55c1886dcc18c924baf4128fd79efb9b, type: 3}
      propertyPath: m_LocalPosition.x
      value: -0.13
      objectReference: {fileID: 0}
    - target: {fileID: 6000679935518528293, guid: 55c1886dcc18c924baf4128fd79efb9b, type: 3}
      propertyPath: m_LocalPosition.y
      value: 1
      objectReference: {fileID: 0}
    - target: {fileID: 6000679935518528293, guid: 55c1886dcc18c924baf4128fd79efb9b, type: 3}
      propertyPath: m_LocalPosition.z
      value: -6.16
      objectReference: {fileID: 0}
    - target: {fileID: 6000679935518528293, guid: 55c1886dcc18c924baf4128fd79efb9b, type: 3}
      propertyPath: m_LocalRotation.w
      value: 1
      objectReference: {fileID: 0}
    - target: {fileID: 6000679935518528293, guid: 55c1886dcc18c924baf4128fd79efb9b, type: 3}
      propertyPath: m_LocalRotation.x
      value: 0
      objectReference: {fileID: 0}
    - target: {fileID: 6000679935518528293, guid: 55c1886dcc18c924baf4128fd79efb9b, type: 3}
      propertyPath: m_LocalRotation.y
      value: 0
      objectReference: {fileID: 0}
    - target: {fileID: 6000679935518528293, guid: 55c1886dcc18c924baf4128fd79efb9b, type: 3}
      propertyPath: m_LocalRotation.z
      value: 0
      objectReference: {fileID: 0}
    - target: {fileID: 6000679935518528293, guid: 55c1886dcc18c924baf4128fd79efb9b, type: 3}
      propertyPath: m_LocalEulerAnglesHint.x
      value: 0
      objectReference: {fileID: 0}
    - target: {fileID: 6000679935518528293, guid: 55c1886dcc18c924baf4128fd79efb9b, type: 3}
      propertyPath: m_LocalEulerAnglesHint.y
      value: 0
      objectReference: {fileID: 0}
    - target: {fileID: 6000679935518528293, guid: 55c1886dcc18c924baf4128fd79efb9b, type: 3}
      propertyPath: m_LocalEulerAnglesHint.z
      value: 0
      objectReference: {fileID: 0}
    m_RemovedComponents: []
  m_SourcePrefab: {fileID: 100100000, guid: 55c1886dcc18c924baf4128fd79efb9b, type: 3}
--- !u!1 &366070638
GameObject:
  m_ObjectHideFlags: 0
  m_CorrespondingSourceObject: {fileID: 0}
  m_PrefabInstance: {fileID: 0}
  m_PrefabAsset: {fileID: 0}
  serializedVersion: 6
  m_Component:
  - component: {fileID: 366070639}
  m_Layer: 0
  m_Name: objeto vacio
  m_TagString: Untagged
  m_Icon: {fileID: 0}
  m_NavMeshLayer: 0
  m_StaticEditorFlags: 0
  m_IsActive: 1
--- !u!4 &366070639
Transform:
  m_ObjectHideFlags: 0
  m_CorrespondingSourceObject: {fileID: 0}
  m_PrefabInstance: {fileID: 0}
  m_PrefabAsset: {fileID: 0}
  m_GameObject: {fileID: 366070638}
  m_LocalRotation: {x: 0, y: 0, z: 0, w: 1}
  m_LocalPosition: {x: 0.18257797, y: 0, z: -0.1825781}
  m_LocalScale: {x: 1, y: 1, z: 1}
  m_Children: []
  m_Father: {fileID: 0}
  m_RootOrder: 17
  m_LocalEulerAnglesHint: {x: 0, y: 0, z: 0}
--- !u!1001 &370153417
PrefabInstance:
  m_ObjectHideFlags: 0
  serializedVersion: 2
  m_Modification:
    m_TransformParent: {fileID: 0}
    m_Modifications:
    - target: {fileID: 6000679935518528281, guid: 55c1886dcc18c924baf4128fd79efb9b, type: 3}
      propertyPath: m_Name
      value: Cube (12)
      objectReference: {fileID: 0}
    - target: {fileID: 6000679935518528293, guid: 55c1886dcc18c924baf4128fd79efb9b, type: 3}
      propertyPath: m_RootOrder
      value: 4
      objectReference: {fileID: 0}
    - target: {fileID: 6000679935518528293, guid: 55c1886dcc18c924baf4128fd79efb9b, type: 3}
      propertyPath: m_LocalPosition.x
      value: -1.17
      objectReference: {fileID: 0}
    - target: {fileID: 6000679935518528293, guid: 55c1886dcc18c924baf4128fd79efb9b, type: 3}
      propertyPath: m_LocalPosition.y
      value: 1
      objectReference: {fileID: 0}
    - target: {fileID: 6000679935518528293, guid: 55c1886dcc18c924baf4128fd79efb9b, type: 3}
      propertyPath: m_LocalPosition.z
      value: -0.15339136
      objectReference: {fileID: 0}
    - target: {fileID: 6000679935518528293, guid: 55c1886dcc18c924baf4128fd79efb9b, type: 3}
      propertyPath: m_LocalRotation.w
      value: 1
      objectReference: {fileID: 0}
    - target: {fileID: 6000679935518528293, guid: 55c1886dcc18c924baf4128fd79efb9b, type: 3}
      propertyPath: m_LocalRotation.x
      value: 0
      objectReference: {fileID: 0}
    - target: {fileID: 6000679935518528293, guid: 55c1886dcc18c924baf4128fd79efb9b, type: 3}
      propertyPath: m_LocalRotation.y
      value: 0
      objectReference: {fileID: 0}
    - target: {fileID: 6000679935518528293, guid: 55c1886dcc18c924baf4128fd79efb9b, type: 3}
      propertyPath: m_LocalRotation.z
      value: 0
      objectReference: {fileID: 0}
    - target: {fileID: 6000679935518528293, guid: 55c1886dcc18c924baf4128fd79efb9b, type: 3}
      propertyPath: m_LocalEulerAnglesHint.x
      value: 0
      objectReference: {fileID: 0}
    - target: {fileID: 6000679935518528293, guid: 55c1886dcc18c924baf4128fd79efb9b, type: 3}
      propertyPath: m_LocalEulerAnglesHint.y
      value: 0
      objectReference: {fileID: 0}
    - target: {fileID: 6000679935518528293, guid: 55c1886dcc18c924baf4128fd79efb9b, type: 3}
      propertyPath: m_LocalEulerAnglesHint.z
      value: 0
      objectReference: {fileID: 0}
    m_RemovedComponents: []
  m_SourcePrefab: {fileID: 100100000, guid: 55c1886dcc18c924baf4128fd79efb9b, type: 3}
--- !u!1001 &397164933
PrefabInstance:
  m_ObjectHideFlags: 0
  serializedVersion: 2
  m_Modification:
    m_TransformParent: {fileID: 0}
    m_Modifications:
    - target: {fileID: 6000679935518528281, guid: 55c1886dcc18c924baf4128fd79efb9b, type: 3}
      propertyPath: m_Name
      value: Cube (7)
      objectReference: {fileID: 0}
    - target: {fileID: 6000679935518528293, guid: 55c1886dcc18c924baf4128fd79efb9b, type: 3}
      propertyPath: m_RootOrder
      value: 9
      objectReference: {fileID: 0}
    - target: {fileID: 6000679935518528293, guid: 55c1886dcc18c924baf4128fd79efb9b, type: 3}
      propertyPath: m_LocalPosition.x
      value: 6.254551
      objectReference: {fileID: 0}
    - target: {fileID: 6000679935518528293, guid: 55c1886dcc18c924baf4128fd79efb9b, type: 3}
      propertyPath: m_LocalPosition.y
      value: 1
      objectReference: {fileID: 0}
    - target: {fileID: 6000679935518528293, guid: 55c1886dcc18c924baf4128fd79efb9b, type: 3}
      propertyPath: m_LocalPosition.z
      value: -6.2364435
      objectReference: {fileID: 0}
    - target: {fileID: 6000679935518528293, guid: 55c1886dcc18c924baf4128fd79efb9b, type: 3}
      propertyPath: m_LocalRotation.w
      value: 1
      objectReference: {fileID: 0}
    - target: {fileID: 6000679935518528293, guid: 55c1886dcc18c924baf4128fd79efb9b, type: 3}
      propertyPath: m_LocalRotation.x
      value: 0
      objectReference: {fileID: 0}
    - target: {fileID: 6000679935518528293, guid: 55c1886dcc18c924baf4128fd79efb9b, type: 3}
      propertyPath: m_LocalRotation.y
      value: 0
      objectReference: {fileID: 0}
    - target: {fileID: 6000679935518528293, guid: 55c1886dcc18c924baf4128fd79efb9b, type: 3}
      propertyPath: m_LocalRotation.z
      value: 0
      objectReference: {fileID: 0}
    - target: {fileID: 6000679935518528293, guid: 55c1886dcc18c924baf4128fd79efb9b, type: 3}
      propertyPath: m_LocalEulerAnglesHint.x
      value: 0
      objectReference: {fileID: 0}
    - target: {fileID: 6000679935518528293, guid: 55c1886dcc18c924baf4128fd79efb9b, type: 3}
      propertyPath: m_LocalEulerAnglesHint.y
      value: 0
      objectReference: {fileID: 0}
    - target: {fileID: 6000679935518528293, guid: 55c1886dcc18c924baf4128fd79efb9b, type: 3}
      propertyPath: m_LocalEulerAnglesHint.z
      value: 0
      objectReference: {fileID: 0}
    m_RemovedComponents: []
  m_SourcePrefab: {fileID: 100100000, guid: 55c1886dcc18c924baf4128fd79efb9b, type: 3}
--- !u!1001 &417146485
PrefabInstance:
  m_ObjectHideFlags: 0
  serializedVersion: 2
  m_Modification:
    m_TransformParent: {fileID: 0}
    m_Modifications:
    - target: {fileID: 6000679935518528281, guid: 55c1886dcc18c924baf4128fd79efb9b, type: 3}
      propertyPath: m_Name
      value: Cube (16)
      objectReference: {fileID: 0}
    - target: {fileID: 6000679935518528293, guid: 55c1886dcc18c924baf4128fd79efb9b, type: 3}
      propertyPath: m_RootOrder
      value: 1
      objectReference: {fileID: 0}
    - target: {fileID: 6000679935518528293, guid: 55c1886dcc18c924baf4128fd79efb9b, type: 3}
      propertyPath: m_LocalPosition.x
      value: 1.1038895
      objectReference: {fileID: 0}
    - target: {fileID: 6000679935518528293, guid: 55c1886dcc18c924baf4128fd79efb9b, type: 3}
      propertyPath: m_LocalPosition.y
      value: 0.7154832
      objectReference: {fileID: 0}
    - target: {fileID: 6000679935518528293, guid: 55c1886dcc18c924baf4128fd79efb9b, type: 3}
      propertyPath: m_LocalPosition.z
      value: -0.15921426
      objectReference: {fileID: 0}
    - target: {fileID: 6000679935518528293, guid: 55c1886dcc18c924baf4128fd79efb9b, type: 3}
      propertyPath: m_LocalRotation.w
      value: 1
      objectReference: {fileID: 0}
    - target: {fileID: 6000679935518528293, guid: 55c1886dcc18c924baf4128fd79efb9b, type: 3}
      propertyPath: m_LocalRotation.x
      value: 0
      objectReference: {fileID: 0}
    - target: {fileID: 6000679935518528293, guid: 55c1886dcc18c924baf4128fd79efb9b, type: 3}
      propertyPath: m_LocalRotation.y
      value: 0
      objectReference: {fileID: 0}
    - target: {fileID: 6000679935518528293, guid: 55c1886dcc18c924baf4128fd79efb9b, type: 3}
      propertyPath: m_LocalRotation.z
      value: 0
      objectReference: {fileID: 0}
    - target: {fileID: 6000679935518528293, guid: 55c1886dcc18c924baf4128fd79efb9b, type: 3}
      propertyPath: m_LocalEulerAnglesHint.x
      value: 0
      objectReference: {fileID: 0}
    - target: {fileID: 6000679935518528293, guid: 55c1886dcc18c924baf4128fd79efb9b, type: 3}
      propertyPath: m_LocalEulerAnglesHint.y
      value: 0
      objectReference: {fileID: 0}
    - target: {fileID: 6000679935518528293, guid: 55c1886dcc18c924baf4128fd79efb9b, type: 3}
      propertyPath: m_LocalEulerAnglesHint.z
      value: 0
      objectReference: {fileID: 0}
    m_RemovedComponents: []
  m_SourcePrefab: {fileID: 100100000, guid: 55c1886dcc18c924baf4128fd79efb9b, type: 3}
--- !u!1001 &460910991
PrefabInstance:
  m_ObjectHideFlags: 0
  serializedVersion: 2
  m_Modification:
    m_TransformParent: {fileID: 0}
    m_Modifications:
    - target: {fileID: 6000679935518528281, guid: 55c1886dcc18c924baf4128fd79efb9b, type: 3}
      propertyPath: m_Name
      value: Cube (4)
      objectReference: {fileID: 0}
    - target: {fileID: 6000679935518528293, guid: 55c1886dcc18c924baf4128fd79efb9b, type: 3}
      propertyPath: m_RootOrder
      value: 12
      objectReference: {fileID: 0}
    - target: {fileID: 6000679935518528293, guid: 55c1886dcc18c924baf4128fd79efb9b, type: 3}
      propertyPath: m_LocalPosition.x
      value: 2.240076
      objectReference: {fileID: 0}
    - target: {fileID: 6000679935518528293, guid: 55c1886dcc18c924baf4128fd79efb9b, type: 3}
      propertyPath: m_LocalPosition.y
      value: 1
      objectReference: {fileID: 0}
    - target: {fileID: 6000679935518528293, guid: 55c1886dcc18c924baf4128fd79efb9b, type: 3}
      propertyPath: m_LocalPosition.z
      value: 1.434017
      objectReference: {fileID: 0}
    - target: {fileID: 6000679935518528293, guid: 55c1886dcc18c924baf4128fd79efb9b, type: 3}
      propertyPath: m_LocalRotation.w
      value: 1
      objectReference: {fileID: 0}
    - target: {fileID: 6000679935518528293, guid: 55c1886dcc18c924baf4128fd79efb9b, type: 3}
      propertyPath: m_LocalRotation.x
      value: 0
      objectReference: {fileID: 0}
    - target: {fileID: 6000679935518528293, guid: 55c1886dcc18c924baf4128fd79efb9b, type: 3}
      propertyPath: m_LocalRotation.y
      value: 0
      objectReference: {fileID: 0}
    - target: {fileID: 6000679935518528293, guid: 55c1886dcc18c924baf4128fd79efb9b, type: 3}
      propertyPath: m_LocalRotation.z
      value: 0
      objectReference: {fileID: 0}
    - target: {fileID: 6000679935518528293, guid: 55c1886dcc18c924baf4128fd79efb9b, type: 3}
      propertyPath: m_LocalEulerAnglesHint.x
      value: 0
      objectReference: {fileID: 0}
    - target: {fileID: 6000679935518528293, guid: 55c1886dcc18c924baf4128fd79efb9b, type: 3}
      propertyPath: m_LocalEulerAnglesHint.y
      value: 0
      objectReference: {fileID: 0}
    - target: {fileID: 6000679935518528293, guid: 55c1886dcc18c924baf4128fd79efb9b, type: 3}
      propertyPath: m_LocalEulerAnglesHint.z
      value: 0
      objectReference: {fileID: 0}
    m_RemovedComponents: []
  m_SourcePrefab: {fileID: 100100000, guid: 55c1886dcc18c924baf4128fd79efb9b, type: 3}
--- !u!1001 &687224168
PrefabInstance:
  m_ObjectHideFlags: 0
  serializedVersion: 2
  m_Modification:
    m_TransformParent: {fileID: 0}
    m_Modifications:
    - target: {fileID: 6000679935518528281, guid: 55c1886dcc18c924baf4128fd79efb9b, type: 3}
      propertyPath: m_Name
      value: Cube (11)
      objectReference: {fileID: 0}
    - target: {fileID: 6000679935518528293, guid: 55c1886dcc18c924baf4128fd79efb9b, type: 3}
      propertyPath: m_RootOrder
      value: 5
      objectReference: {fileID: 0}
    - target: {fileID: 6000679935518528293, guid: 55c1886dcc18c924baf4128fd79efb9b, type: 3}
      propertyPath: m_LocalPosition.x
      value: 6.62
      objectReference: {fileID: 0}
    - target: {fileID: 6000679935518528293, guid: 55c1886dcc18c924baf4128fd79efb9b, type: 3}
      propertyPath: m_LocalPosition.y
      value: 1
      objectReference: {fileID: 0}
    - target: {fileID: 6000679935518528293, guid: 55c1886dcc18c924baf4128fd79efb9b, type: 3}
      propertyPath: m_LocalPosition.z
      value: -4.8260984
      objectReference: {fileID: 0}
    - target: {fileID: 6000679935518528293, guid: 55c1886dcc18c924baf4128fd79efb9b, type: 3}
      propertyPath: m_LocalRotation.w
      value: 1
      objectReference: {fileID: 0}
    - target: {fileID: 6000679935518528293, guid: 55c1886dcc18c924baf4128fd79efb9b, type: 3}
      propertyPath: m_LocalRotation.x
      value: 0
      objectReference: {fileID: 0}
    - target: {fileID: 6000679935518528293, guid: 55c1886dcc18c924baf4128fd79efb9b, type: 3}
      propertyPath: m_LocalRotation.y
      value: 0
      objectReference: {fileID: 0}
    - target: {fileID: 6000679935518528293, guid: 55c1886dcc18c924baf4128fd79efb9b, type: 3}
      propertyPath: m_LocalRotation.z
      value: 0
      objectReference: {fileID: 0}
    - target: {fileID: 6000679935518528293, guid: 55c1886dcc18c924baf4128fd79efb9b, type: 3}
      propertyPath: m_LocalEulerAnglesHint.x
      value: 0
      objectReference: {fileID: 0}
    - target: {fileID: 6000679935518528293, guid: 55c1886dcc18c924baf4128fd79efb9b, type: 3}
      propertyPath: m_LocalEulerAnglesHint.y
      value: 0
      objectReference: {fileID: 0}
    - target: {fileID: 6000679935518528293, guid: 55c1886dcc18c924baf4128fd79efb9b, type: 3}
      propertyPath: m_LocalEulerAnglesHint.z
      value: 0
      objectReference: {fileID: 0}
    m_RemovedComponents: []
  m_SourcePrefab: {fileID: 100100000, guid: 55c1886dcc18c924baf4128fd79efb9b, type: 3}
--- !u!1001 &957420366
PrefabInstance:
  m_ObjectHideFlags: 0
  serializedVersion: 2
  m_Modification:
    m_TransformParent: {fileID: 0}
    m_Modifications:
    - target: {fileID: 6000679935518528281, guid: 55c1886dcc18c924baf4128fd79efb9b, type: 3}
      propertyPath: m_Name
      value: Cube (9)
      objectReference: {fileID: 0}
    - target: {fileID: 6000679935518528293, guid: 55c1886dcc18c924baf4128fd79efb9b, type: 3}
      propertyPath: m_RootOrder
      value: 7
      objectReference: {fileID: 0}
    - target: {fileID: 6000679935518528293, guid: 55c1886dcc18c924baf4128fd79efb9b, type: 3}
      propertyPath: m_LocalPosition.x
      value: 1.17
      objectReference: {fileID: 0}
    - target: {fileID: 6000679935518528293, guid: 55c1886dcc18c924baf4128fd79efb9b, type: 3}
      propertyPath: m_LocalPosition.y
      value: 1
      objectReference: {fileID: 0}
    - target: {fileID: 6000679935518528293, guid: 55c1886dcc18c924baf4128fd79efb9b, type: 3}
      propertyPath: m_LocalPosition.z
      value: -4.7415957
      objectReference: {fileID: 0}
    - target: {fileID: 6000679935518528293, guid: 55c1886dcc18c924baf4128fd79efb9b, type: 3}
      propertyPath: m_LocalRotation.w
      value: 1
      objectReference: {fileID: 0}
    - target: {fileID: 6000679935518528293, guid: 55c1886dcc18c924baf4128fd79efb9b, type: 3}
      propertyPath: m_LocalRotation.x
      value: 0
      objectReference: {fileID: 0}
    - target: {fileID: 6000679935518528293, guid: 55c1886dcc18c924baf4128fd79efb9b, type: 3}
      propertyPath: m_LocalRotation.y
      value: 0
      objectReference: {fileID: 0}
    - target: {fileID: 6000679935518528293, guid: 55c1886dcc18c924baf4128fd79efb9b, type: 3}
      propertyPath: m_LocalRotation.z
      value: 0
      objectReference: {fileID: 0}
    - target: {fileID: 6000679935518528293, guid: 55c1886dcc18c924baf4128fd79efb9b, type: 3}
      propertyPath: m_LocalEulerAnglesHint.x
      value: 0
      objectReference: {fileID: 0}
    - target: {fileID: 6000679935518528293, guid: 55c1886dcc18c924baf4128fd79efb9b, type: 3}
      propertyPath: m_LocalEulerAnglesHint.y
      value: 0
      objectReference: {fileID: 0}
    - target: {fileID: 6000679935518528293, guid: 55c1886dcc18c924baf4128fd79efb9b, type: 3}
      propertyPath: m_LocalEulerAnglesHint.z
      value: 0
      objectReference: {fileID: 0}
    m_RemovedComponents: []
  m_SourcePrefab: {fileID: 100100000, guid: 55c1886dcc18c924baf4128fd79efb9b, type: 3}
--- !u!1 &995959350
GameObject:
  m_ObjectHideFlags: 0
  m_CorrespondingSourceObject: {fileID: 0}
  m_PrefabInstance: {fileID: 0}
  m_PrefabAsset: {fileID: 0}
  serializedVersion: 6
  m_Component:
  - component: {fileID: 995959354}
  - component: {fileID: 995959353}
  - component: {fileID: 995959352}
  - component: {fileID: 995959351}
  m_Layer: 0
  m_Name: Plane
  m_TagString: Untagged
  m_Icon: {fileID: 0}
  m_NavMeshLayer: 0
  m_StaticEditorFlags: 0
  m_IsActive: 1
--- !u!64 &995959351
MeshCollider:
  m_ObjectHideFlags: 0
  m_CorrespondingSourceObject: {fileID: 0}
  m_PrefabInstance: {fileID: 0}
  m_PrefabAsset: {fileID: 0}
  m_GameObject: {fileID: 995959350}
  m_Material: {fileID: 0}
  m_IsTrigger: 0
  m_Enabled: 1
  serializedVersion: 4
  m_Convex: 0
  m_CookingOptions: 30
  m_Mesh: {fileID: 10209, guid: 0000000000000000e000000000000000, type: 0}
--- !u!23 &995959352
MeshRenderer:
  m_ObjectHideFlags: 0
  m_CorrespondingSourceObject: {fileID: 0}
  m_PrefabInstance: {fileID: 0}
  m_PrefabAsset: {fileID: 0}
  m_GameObject: {fileID: 995959350}
  m_Enabled: 1
  m_CastShadows: 1
  m_ReceiveShadows: 1
  m_DynamicOccludee: 1
  m_MotionVectors: 1
  m_LightProbeUsage: 1
  m_ReflectionProbeUsage: 1
  m_RayTracingMode: 2
  m_RayTraceProcedural: 0
  m_RenderingLayerMask: 1
  m_RendererPriority: 0
  m_Materials:
  - {fileID: 2100000, guid: 81752b3b6117df74295b4f5d5b61eb80, type: 2}
  m_StaticBatchInfo:
    firstSubMesh: 0
    subMeshCount: 0
  m_StaticBatchRoot: {fileID: 0}
  m_ProbeAnchor: {fileID: 0}
  m_LightProbeVolumeOverride: {fileID: 0}
  m_ScaleInLightmap: 1
  m_ReceiveGI: 1
  m_PreserveUVs: 0
  m_IgnoreNormalsForChartDetection: 0
  m_ImportantGI: 0
  m_StitchLightmapSeams: 1
  m_SelectedEditorRenderState: 3
  m_MinimumChartSize: 4
  m_AutoUVMaxDistance: 0.5
  m_AutoUVMaxAngle: 89
  m_LightmapParameters: {fileID: 0}
  m_SortingLayerID: 0
  m_SortingLayer: 0
  m_SortingOrder: 0
  m_AdditionalVertexStreams: {fileID: 0}
--- !u!33 &995959353
MeshFilter:
  m_ObjectHideFlags: 0
  m_CorrespondingSourceObject: {fileID: 0}
  m_PrefabInstance: {fileID: 0}
  m_PrefabAsset: {fileID: 0}
  m_GameObject: {fileID: 995959350}
  m_Mesh: {fileID: 10209, guid: 0000000000000000e000000000000000, type: 0}
--- !u!4 &995959354
Transform:
  m_ObjectHideFlags: 0
  m_CorrespondingSourceObject: {fileID: 0}
  m_PrefabInstance: {fileID: 0}
  m_PrefabAsset: {fileID: 0}
  m_GameObject: {fileID: 995959350}
  m_LocalRotation: {x: 0, y: 0, z: 0, w: 1}
  m_LocalPosition: {x: 2.2897983, y: 0.21548356, z: -2.4406352}
  m_LocalScale: {x: 1, y: 1, z: 1}
  m_Children: []
  m_Father: {fileID: 0}
  m_RootOrder: 23
  m_LocalEulerAnglesHint: {x: 0, y: 0, z: 0}
--- !u!1001 &1192736898
PrefabInstance:
  m_ObjectHideFlags: 0
  serializedVersion: 2
  m_Modification:
    m_TransformParent: {fileID: 0}
    m_Modifications:
    - target: {fileID: 6000679935518528281, guid: 55c1886dcc18c924baf4128fd79efb9b, type: 3}
      propertyPath: m_Name
      value: Cube (5)
      objectReference: {fileID: 0}
    - target: {fileID: 6000679935518528293, guid: 55c1886dcc18c924baf4128fd79efb9b, type: 3}
      propertyPath: m_RootOrder
      value: 11
      objectReference: {fileID: 0}
    - target: {fileID: 6000679935518528293, guid: 55c1886dcc18c924baf4128fd79efb9b, type: 3}
      propertyPath: m_LocalPosition.x
      value: 4.299032
      objectReference: {fileID: 0}
    - target: {fileID: 6000679935518528293, guid: 55c1886dcc18c924baf4128fd79efb9b, type: 3}
      propertyPath: m_LocalPosition.y
      value: 1
      objectReference: {fileID: 0}
    - target: {fileID: 6000679935518528293, guid: 55c1886dcc18c924baf4128fd79efb9b, type: 3}
      propertyPath: m_LocalPosition.z
      value: 1.68
      objectReference: {fileID: 0}
    - target: {fileID: 6000679935518528293, guid: 55c1886dcc18c924baf4128fd79efb9b, type: 3}
      propertyPath: m_LocalRotation.w
      value: 1
      objectReference: {fileID: 0}
    - target: {fileID: 6000679935518528293, guid: 55c1886dcc18c924baf4128fd79efb9b, type: 3}
      propertyPath: m_LocalRotation.x
      value: 0
      objectReference: {fileID: 0}
    - target: {fileID: 6000679935518528293, guid: 55c1886dcc18c924baf4128fd79efb9b, type: 3}
      propertyPath: m_LocalRotation.y
      value: 0
      objectReference: {fileID: 0}
    - target: {fileID: 6000679935518528293, guid: 55c1886dcc18c924baf4128fd79efb9b, type: 3}
      propertyPath: m_LocalRotation.z
      value: 0
      objectReference: {fileID: 0}
    - target: {fileID: 6000679935518528293, guid: 55c1886dcc18c924baf4128fd79efb9b, type: 3}
      propertyPath: m_LocalEulerAnglesHint.x
      value: 0
      objectReference: {fileID: 0}
    - target: {fileID: 6000679935518528293, guid: 55c1886dcc18c924baf4128fd79efb9b, type: 3}
      propertyPath: m_LocalEulerAnglesHint.y
      value: 0
      objectReference: {fileID: 0}
    - target: {fileID: 6000679935518528293, guid: 55c1886dcc18c924baf4128fd79efb9b, type: 3}
      propertyPath: m_LocalEulerAnglesHint.z
      value: 0
      objectReference: {fileID: 0}
    m_RemovedComponents: []
  m_SourcePrefab: {fileID: 100100000, guid: 55c1886dcc18c924baf4128fd79efb9b, type: 3}
--- !u!1001 &1239389846
PrefabInstance:
  m_ObjectHideFlags: 0
  serializedVersion: 2
  m_Modification:
    m_TransformParent: {fileID: 0}
    m_Modifications:
    - target: {fileID: 6000679935518528281, guid: 55c1886dcc18c924baf4128fd79efb9b, type: 3}
      propertyPath: m_Name
      value: Cube (15)
      objectReference: {fileID: 0}
    - target: {fileID: 6000679935518528293, guid: 55c1886dcc18c924baf4128fd79efb9b, type: 3}
      propertyPath: m_RootOrder
      value: 1
      objectReference: {fileID: 0}
    - target: {fileID: 6000679935518528293, guid: 55c1886dcc18c924baf4128fd79efb9b, type: 3}
      propertyPath: m_LocalPosition.x
      value: 6.26
      objectReference: {fileID: 0}
    - target: {fileID: 6000679935518528293, guid: 55c1886dcc18c924baf4128fd79efb9b, type: 3}
      propertyPath: m_LocalPosition.y
      value: 1
      objectReference: {fileID: 0}
    - target: {fileID: 6000679935518528293, guid: 55c1886dcc18c924baf4128fd79efb9b, type: 3}
      propertyPath: m_LocalPosition.z
      value: -0.33540583
      objectReference: {fileID: 0}
    - target: {fileID: 6000679935518528293, guid: 55c1886dcc18c924baf4128fd79efb9b, type: 3}
      propertyPath: m_LocalRotation.w
      value: 1
      objectReference: {fileID: 0}
    - target: {fileID: 6000679935518528293, guid: 55c1886dcc18c924baf4128fd79efb9b, type: 3}
      propertyPath: m_LocalRotation.x
      value: 0
      objectReference: {fileID: 0}
    - target: {fileID: 6000679935518528293, guid: 55c1886dcc18c924baf4128fd79efb9b, type: 3}
      propertyPath: m_LocalRotation.y
      value: 0
      objectReference: {fileID: 0}
    - target: {fileID: 6000679935518528293, guid: 55c1886dcc18c924baf4128fd79efb9b, type: 3}
      propertyPath: m_LocalRotation.z
      value: 0
      objectReference: {fileID: 0}
    - target: {fileID: 6000679935518528293, guid: 55c1886dcc18c924baf4128fd79efb9b, type: 3}
      propertyPath: m_LocalEulerAnglesHint.x
      value: 0
      objectReference: {fileID: 0}
    - target: {fileID: 6000679935518528293, guid: 55c1886dcc18c924baf4128fd79efb9b, type: 3}
      propertyPath: m_LocalEulerAnglesHint.y
      value: 0
      objectReference: {fileID: 0}
    - target: {fileID: 6000679935518528293, guid: 55c1886dcc18c924baf4128fd79efb9b, type: 3}
      propertyPath: m_LocalEulerAnglesHint.z
      value: 0
      objectReference: {fileID: 0}
    m_RemovedComponents: []
  m_SourcePrefab: {fileID: 100100000, guid: 55c1886dcc18c924baf4128fd79efb9b, type: 3}
--- !u!1001 &1250740711
PrefabInstance:
  m_ObjectHideFlags: 0
  serializedVersion: 2
  m_Modification:
    m_TransformParent: {fileID: 0}
    m_Modifications:
    - target: {fileID: 6000679935518528281, guid: 55c1886dcc18c924baf4128fd79efb9b, type: 3}
      propertyPath: m_Name
      value: Cube (2)
      objectReference: {fileID: 0}
    - target: {fileID: 6000679935518528293, guid: 55c1886dcc18c924baf4128fd79efb9b, type: 3}
      propertyPath: m_RootOrder
      value: 14
      objectReference: {fileID: 0}
    - target: {fileID: 6000679935518528293, guid: 55c1886dcc18c924baf4128fd79efb9b, type: 3}
      propertyPath: m_LocalPosition.x
      value: 3.62
      objectReference: {fileID: 0}
    - target: {fileID: 6000679935518528293, guid: 55c1886dcc18c924baf4128fd79efb9b, type: 3}
      propertyPath: m_LocalPosition.y
      value: 1
      objectReference: {fileID: 0}
    - target: {fileID: 6000679935518528293, guid: 55c1886dcc18c924baf4128fd79efb9b, type: 3}
      propertyPath: m_LocalPosition.z
      value: -6.17
      objectReference: {fileID: 0}
    - target: {fileID: 6000679935518528293, guid: 55c1886dcc18c924baf4128fd79efb9b, type: 3}
      propertyPath: m_LocalRotation.w
      value: 1
      objectReference: {fileID: 0}
    - target: {fileID: 6000679935518528293, guid: 55c1886dcc18c924baf4128fd79efb9b, type: 3}
      propertyPath: m_LocalRotation.x
      value: 0
      objectReference: {fileID: 0}
    - target: {fileID: 6000679935518528293, guid: 55c1886dcc18c924baf4128fd79efb9b, type: 3}
      propertyPath: m_LocalRotation.y
      value: 0
      objectReference: {fileID: 0}
    - target: {fileID: 6000679935518528293, guid: 55c1886dcc18c924baf4128fd79efb9b, type: 3}
      propertyPath: m_LocalRotation.z
      value: 0
      objectReference: {fileID: 0}
    - target: {fileID: 6000679935518528293, guid: 55c1886dcc18c924baf4128fd79efb9b, type: 3}
      propertyPath: m_LocalEulerAnglesHint.x
      value: 0
      objectReference: {fileID: 0}
    - target: {fileID: 6000679935518528293, guid: 55c1886dcc18c924baf4128fd79efb9b, type: 3}
      propertyPath: m_LocalEulerAnglesHint.y
      value: 0
      objectReference: {fileID: 0}
    - target: {fileID: 6000679935518528293, guid: 55c1886dcc18c924baf4128fd79efb9b, type: 3}
      propertyPath: m_LocalEulerAnglesHint.z
      value: 0
      objectReference: {fileID: 0}
    m_RemovedComponents: []
  m_SourcePrefab: {fileID: 100100000, guid: 55c1886dcc18c924baf4128fd79efb9b, type: 3}
--- !u!1 &1351993246
GameObject:
  m_ObjectHideFlags: 0
  m_CorrespondingSourceObject: {fileID: 0}
  m_PrefabInstance: {fileID: 0}
  m_PrefabAsset: {fileID: 0}
  serializedVersion: 6
  m_Component:
  - component: {fileID: 1351993248}
  - component: {fileID: 1351993247}
  m_Layer: 0
  m_Name: Directional Light
  m_TagString: Untagged
  m_Icon: {fileID: 0}
  m_NavMeshLayer: 0
  m_StaticEditorFlags: 0
  m_IsActive: 1
--- !u!108 &1351993247
Light:
  m_ObjectHideFlags: 0
  m_CorrespondingSourceObject: {fileID: 0}
  m_PrefabInstance: {fileID: 0}
  m_PrefabAsset: {fileID: 0}
  m_GameObject: {fileID: 1351993246}
  m_Enabled: 1
  serializedVersion: 10
  m_Type: 1
  m_Shape: 0
  m_Color: {r: 1, g: 0.95686275, b: 0.8392157, a: 1}
  m_Intensity: 1
  m_Range: 10
  m_SpotAngle: 30
  m_InnerSpotAngle: 21.80208
  m_CookieSize: 10
  m_Shadows:
    m_Type: 2
    m_Resolution: -1
    m_CustomResolution: -1
    m_Strength: 1
    m_Bias: 0.05
    m_NormalBias: 0.4
    m_NearPlane: 0.2
    m_CullingMatrixOverride:
      e00: 1
      e01: 0
      e02: 0
      e03: 0
      e10: 0
      e11: 1
      e12: 0
      e13: 0
      e20: 0
      e21: 0
      e22: 1
      e23: 0
      e30: 0
      e31: 0
      e32: 0
      e33: 1
    m_UseCullingMatrixOverride: 0
  m_Cookie: {fileID: 0}
  m_DrawHalo: 0
  m_Flare: {fileID: 0}
  m_RenderMode: 0
  m_CullingMask:
    serializedVersion: 2
    m_Bits: 4294967295
  m_RenderingLayerMask: 1
  m_Lightmapping: 4
  m_LightShadowCasterMode: 0
  m_AreaSize: {x: 1, y: 1}
  m_BounceIntensity: 1
  m_ColorTemperature: 6570
  m_UseColorTemperature: 0
  m_BoundingSphereOverride: {x: 0, y: 0, z: 0, w: 0}
  m_UseBoundingSphereOverride: 0
  m_UseViewFrustumForShadowCasterCull: 1
  m_ShadowRadius: 0
  m_ShadowAngle: 0
--- !u!4 &1351993248
Transform:
  m_ObjectHideFlags: 0
  m_CorrespondingSourceObject: {fileID: 0}
  m_PrefabInstance: {fileID: 0}
  m_PrefabAsset: {fileID: 0}
  m_GameObject: {fileID: 1351993246}
  m_LocalRotation: {x: 0.40821788, y: -0.23456968, z: 0.10938163, w: 0.8754261}
  m_LocalPosition: {x: 0, y: 3, z: 0}
  m_LocalScale: {x: 1, y: 1, z: 1}
  m_Children: []
  m_Father: {fileID: 0}
  m_RootOrder: 16
  m_LocalEulerAnglesHint: {x: 50, y: -30, z: 0}
--- !u!1 &1879591576
GameObject:
  m_ObjectHideFlags: 0
  m_CorrespondingSourceObject: {fileID: 0}
  m_PrefabInstance: {fileID: 0}
  m_PrefabAsset: {fileID: 0}
  serializedVersion: 6
  m_Component:
  - component: {fileID: 1879591579}
  - component: {fileID: 1879591578}
  - component: {fileID: 1879591577}
  m_Layer: 0
  m_Name: Main Camera
  m_TagString: MainCamera
  m_Icon: {fileID: 0}
  m_NavMeshLayer: 0
  m_StaticEditorFlags: 0
  m_IsActive: 1
--- !u!81 &1879591577
AudioListener:
  m_ObjectHideFlags: 0
  m_CorrespondingSourceObject: {fileID: 0}
  m_PrefabInstance: {fileID: 0}
  m_PrefabAsset: {fileID: 0}
  m_GameObject: {fileID: 1879591576}
  m_Enabled: 1
--- !u!20 &1879591578
Camera:
  m_ObjectHideFlags: 0
  m_CorrespondingSourceObject: {fileID: 0}
  m_PrefabInstance: {fileID: 0}
  m_PrefabAsset: {fileID: 0}
  m_GameObject: {fileID: 1879591576}
  m_Enabled: 1
  serializedVersion: 2
  m_ClearFlags: 1
  m_BackGroundColor: {r: 0.19215687, g: 0.3019608, b: 0.4745098, a: 0}
  m_projectionMatrixMode: 1
  m_GateFitMode: 2
  m_FOVAxisMode: 0
  m_SensorSize: {x: 36, y: 24}
  m_LensShift: {x: 0, y: 0}
  m_FocalLength: 50
  m_NormalizedViewPortRect:
    serializedVersion: 2
    x: 0
    y: 0
    width: 1
    height: 1
  near clip plane: 0.3
  far clip plane: 1000
  field of view: 60
  orthographic: 0
  orthographic size: 5
  m_Depth: -1
  m_CullingMask:
    serializedVersion: 2
    m_Bits: 4294967295
  m_RenderingPath: -1
  m_TargetTexture: {fileID: 0}
  m_TargetDisplay: 0
  m_TargetEye: 3
  m_HDR: 1
  m_AllowMSAA: 1
  m_AllowDynamicResolution: 0
  m_ForceIntoRT: 0
  m_OcclusionCulling: 1
  m_StereoConvergence: 10
  m_StereoSeparation: 0.022
--- !u!4 &1879591579
Transform:
  m_ObjectHideFlags: 0
  m_CorrespondingSourceObject: {fileID: 0}
  m_PrefabInstance: {fileID: 0}
  m_PrefabAsset: {fileID: 0}
  m_GameObject: {fileID: 1879591576}
  m_LocalRotation: {x: 0, y: 0, z: 0, w: 1}
  m_LocalPosition: {x: 0, y: 1, z: -10}
  m_LocalScale: {x: 1, y: 1, z: 1}
  m_Children: []
  m_Father: {fileID: 0}
  m_RootOrder: 0
  m_LocalEulerAnglesHint: {x: 0, y: 0, z: 0}
--- !u!1001 &1880371582
PrefabInstance:
  m_ObjectHideFlags: 0
  serializedVersion: 2
  m_Modification:
    m_TransformParent: {fileID: 0}
    m_Modifications:
    - target: {fileID: 6000679935518528281, guid: 55c1886dcc18c924baf4128fd79efb9b, type: 3}
      propertyPath: m_Name
      value: Cube (13)
      objectReference: {fileID: 0}
    - target: {fileID: 6000679935518528293, guid: 55c1886dcc18c924baf4128fd79efb9b, type: 3}
      propertyPath: m_RootOrder
      value: 3
      objectReference: {fileID: 0}
    - target: {fileID: 6000679935518528293, guid: 55c1886dcc18c924baf4128fd79efb9b, type: 3}
      propertyPath: m_LocalPosition.x
      value: 0.8
      objectReference: {fileID: 0}
    - target: {fileID: 6000679935518528293, guid: 55c1886dcc18c924baf4128fd79efb9b, type: 3}
      propertyPath: m_LocalPosition.y
      value: 1
      objectReference: {fileID: 0}
    - target: {fileID: 6000679935518528293, guid: 55c1886dcc18c924baf4128fd79efb9b, type: 3}
      propertyPath: m_LocalPosition.z
      value: 1.49
      objectReference: {fileID: 0}
    - target: {fileID: 6000679935518528293, guid: 55c1886dcc18c924baf4128fd79efb9b, type: 3}
      propertyPath: m_LocalRotation.w
      value: 1
      objectReference: {fileID: 0}
    - target: {fileID: 6000679935518528293, guid: 55c1886dcc18c924baf4128fd79efb9b, type: 3}
      propertyPath: m_LocalRotation.x
      value: 0
      objectReference: {fileID: 0}
    - target: {fileID: 6000679935518528293, guid: 55c1886dcc18c924baf4128fd79efb9b, type: 3}
      propertyPath: m_LocalRotation.y
      value: 0
      objectReference: {fileID: 0}
    - target: {fileID: 6000679935518528293, guid: 55c1886dcc18c924baf4128fd79efb9b, type: 3}
      propertyPath: m_LocalRotation.z
      value: 0
      objectReference: {fileID: 0}
    - target: {fileID: 6000679935518528293, guid: 55c1886dcc18c924baf4128fd79efb9b, type: 3}
      propertyPath: m_LocalEulerAnglesHint.x
      value: 0
      objectReference: {fileID: 0}
    - target: {fileID: 6000679935518528293, guid: 55c1886dcc18c924baf4128fd79efb9b, type: 3}
      propertyPath: m_LocalEulerAnglesHint.y
      value: 0
      objectReference: {fileID: 0}
    - target: {fileID: 6000679935518528293, guid: 55c1886dcc18c924baf4128fd79efb9b, type: 3}
      propertyPath: m_LocalEulerAnglesHint.z
      value: 0
      objectReference: {fileID: 0}
    m_RemovedComponents: []
  m_SourcePrefab: {fileID: 100100000, guid: 55c1886dcc18c924baf4128fd79efb9b, type: 3}
--- !u!1001 &1904900895
PrefabInstance:
  m_ObjectHideFlags: 0
  serializedVersion: 2
  m_Modification:
    m_TransformParent: {fileID: 0}
    m_Modifications:
    - target: {fileID: 6000679935518528281, guid: 55c1886dcc18c924baf4128fd79efb9b, type: 3}
      propertyPath: m_Name
      value: Cube (14)
      objectReference: {fileID: 0}
    - target: {fileID: 6000679935518528293, guid: 55c1886dcc18c924baf4128fd79efb9b, type: 3}
      propertyPath: m_RootOrder
      value: 2
      objectReference: {fileID: 0}
    - target: {fileID: 6000679935518528293, guid: 55c1886dcc18c924baf4128fd79efb9b, type: 3}
      propertyPath: m_LocalPosition.x
      value: 4.94483
      objectReference: {fileID: 0}
    - target: {fileID: 6000679935518528293, guid: 55c1886dcc18c924baf4128fd79efb9b, type: 3}
      propertyPath: m_LocalPosition.y
      value: 1
      objectReference: {fileID: 0}
    - target: {fileID: 6000679935518528293, guid: 55c1886dcc18c924baf4128fd79efb9b, type: 3}
      propertyPath: m_LocalPosition.z
      value: -0.23789382
      objectReference: {fileID: 0}
    - target: {fileID: 6000679935518528293, guid: 55c1886dcc18c924baf4128fd79efb9b, type: 3}
      propertyPath: m_LocalRotation.w
      value: 1
      objectReference: {fileID: 0}
    - target: {fileID: 6000679935518528293, guid: 55c1886dcc18c924baf4128fd79efb9b, type: 3}
      propertyPath: m_LocalRotation.x
      value: 0
      objectReference: {fileID: 0}
    - target: {fileID: 6000679935518528293, guid: 55c1886dcc18c924baf4128fd79efb9b, type: 3}
      propertyPath: m_LocalRotation.y
      value: 0
      objectReference: {fileID: 0}
    - target: {fileID: 6000679935518528293, guid: 55c1886dcc18c924baf4128fd79efb9b, type: 3}
      propertyPath: m_LocalRotation.z
      value: 0
      objectReference: {fileID: 0}
    - target: {fileID: 6000679935518528293, guid: 55c1886dcc18c924baf4128fd79efb9b, type: 3}
      propertyPath: m_LocalEulerAnglesHint.x
      value: 0
      objectReference: {fileID: 0}
    - target: {fileID: 6000679935518528293, guid: 55c1886dcc18c924baf4128fd79efb9b, type: 3}
      propertyPath: m_LocalEulerAnglesHint.y
      value: 0
      objectReference: {fileID: 0}
    - target: {fileID: 6000679935518528293, guid: 55c1886dcc18c924baf4128fd79efb9b, type: 3}
      propertyPath: m_LocalEulerAnglesHint.z
      value: 0
      objectReference: {fileID: 0}
    m_RemovedComponents: []
  m_SourcePrefab: {fileID: 100100000, guid: 55c1886dcc18c924baf4128fd79efb9b, type: 3}
--- !u!1001 &1932042017
PrefabInstance:
  m_ObjectHideFlags: 0
  serializedVersion: 2
  m_Modification:
    m_TransformParent: {fileID: 0}
    m_Modifications:
    - target: {fileID: 6000679935518528281, guid: 55c1886dcc18c924baf4128fd79efb9b, type: 3}
      propertyPath: m_Name
      value: Cube (3)
      objectReference: {fileID: 0}
    - target: {fileID: 6000679935518528293, guid: 55c1886dcc18c924baf4128fd79efb9b, type: 3}
      propertyPath: m_RootOrder
      value: 13
      objectReference: {fileID: 0}
    - target: {fileID: 6000679935518528293, guid: 55c1886dcc18c924baf4128fd79efb9b, type: 3}
      propertyPath: m_LocalPosition.x
      value: -1.13
      objectReference: {fileID: 0}
    - target: {fileID: 6000679935518528293, guid: 55c1886dcc18c924baf4128fd79efb9b, type: 3}
      propertyPath: m_LocalPosition.y
      value: 1
      objectReference: {fileID: 0}
    - target: {fileID: 6000679935518528293, guid: 55c1886dcc18c924baf4128fd79efb9b, type: 3}
      propertyPath: m_LocalPosition.z
      value: 1.2963419
      objectReference: {fileID: 0}
    - target: {fileID: 6000679935518528293, guid: 55c1886dcc18c924baf4128fd79efb9b, type: 3}
      propertyPath: m_LocalRotation.w
      value: 1
      objectReference: {fileID: 0}
    - target: {fileID: 6000679935518528293, guid: 55c1886dcc18c924baf4128fd79efb9b, type: 3}
      propertyPath: m_LocalRotation.x
      value: 0
      objectReference: {fileID: 0}
    - target: {fileID: 6000679935518528293, guid: 55c1886dcc18c924baf4128fd79efb9b, type: 3}
      propertyPath: m_LocalRotation.y
      value: 0
      objectReference: {fileID: 0}
    - target: {fileID: 6000679935518528293, guid: 55c1886dcc18c924baf4128fd79efb9b, type: 3}
      propertyPath: m_LocalRotation.z
      value: 0
      objectReference: {fileID: 0}
    - target: {fileID: 6000679935518528293, guid: 55c1886dcc18c924baf4128fd79efb9b, type: 3}
      propertyPath: m_LocalEulerAnglesHint.x
      value: 0
      objectReference: {fileID: 0}
    - target: {fileID: 6000679935518528293, guid: 55c1886dcc18c924baf4128fd79efb9b, type: 3}
      propertyPath: m_LocalEulerAnglesHint.y
      value: 0
      objectReference: {fileID: 0}
    - target: {fileID: 6000679935518528293, guid: 55c1886dcc18c924baf4128fd79efb9b, type: 3}
      propertyPath: m_LocalEulerAnglesHint.z
      value: 0
      objectReference: {fileID: 0}
    m_RemovedComponents: []
  m_SourcePrefab: {fileID: 100100000, guid: 55c1886dcc18c924baf4128fd79efb9b, type: 3}
--- !u!1001 &1937444522
PrefabInstance:
  m_ObjectHideFlags: 0
  serializedVersion: 2
  m_Modification:
    m_TransformParent: {fileID: 0}
    m_Modifications:
    - target: {fileID: 6000679935518528281, guid: 55c1886dcc18c924baf4128fd79efb9b, type: 3}
      propertyPath: m_Name
      value: Cube (10)
      objectReference: {fileID: 0}
    - target: {fileID: 6000679935518528293, guid: 55c1886dcc18c924baf4128fd79efb9b, type: 3}
      propertyPath: m_RootOrder
      value: 6
      objectReference: {fileID: 0}
    - target: {fileID: 6000679935518528293, guid: 55c1886dcc18c924baf4128fd79efb9b, type: 3}
      propertyPath: m_LocalPosition.x
      value: 4.08
      objectReference: {fileID: 0}
    - target: {fileID: 6000679935518528293, guid: 55c1886dcc18c924baf4128fd79efb9b, type: 3}
      propertyPath: m_LocalPosition.y
      value: 1
      objectReference: {fileID: 0}
    - target: {fileID: 6000679935518528293, guid: 55c1886dcc18c924baf4128fd79efb9b, type: 3}
      propertyPath: m_LocalPosition.z
      value: -4.8035407
      objectReference: {fileID: 0}
    - target: {fileID: 6000679935518528293, guid: 55c1886dcc18c924baf4128fd79efb9b, type: 3}
      propertyPath: m_LocalRotation.w
      value: 1
      objectReference: {fileID: 0}
    - target: {fileID: 6000679935518528293, guid: 55c1886dcc18c924baf4128fd79efb9b, type: 3}
      propertyPath: m_LocalRotation.x
      value: 0
      objectReference: {fileID: 0}
    - target: {fileID: 6000679935518528293, guid: 55c1886dcc18c924baf4128fd79efb9b, type: 3}
      propertyPath: m_LocalRotation.y
      value: 0
      objectReference: {fileID: 0}
    - target: {fileID: 6000679935518528293, guid: 55c1886dcc18c924baf4128fd79efb9b, type: 3}
      propertyPath: m_LocalRotation.z
      value: 0
      objectReference: {fileID: 0}
    - target: {fileID: 6000679935518528293, guid: 55c1886dcc18c924baf4128fd79efb9b, type: 3}
      propertyPath: m_LocalEulerAnglesHint.x
      value: 0
      objectReference: {fileID: 0}
    - target: {fileID: 6000679935518528293, guid: 55c1886dcc18c924baf4128fd79efb9b, type: 3}
      propertyPath: m_LocalEulerAnglesHint.y
      value: 0
      objectReference: {fileID: 0}
    - target: {fileID: 6000679935518528293, guid: 55c1886dcc18c924baf4128fd79efb9b, type: 3}
      propertyPath: m_LocalEulerAnglesHint.z
      value: 0
      objectReference: {fileID: 0}
    m_RemovedComponents: []
  m_SourcePrefab: {fileID: 100100000, guid: 55c1886dcc18c924baf4128fd79efb9b, type: 3}
--- !u!1 &2048558716
GameObject:
  m_ObjectHideFlags: 0
  m_CorrespondingSourceObject: {fileID: 0}
  m_PrefabInstance: {fileID: 0}
  m_PrefabAsset: {fileID: 0}
  serializedVersion: 6
  m_Component:
  - component: {fileID: 2048558718}
  - component: {fileID: 2048558717}
  m_Layer: 0
  m_Name: Spot Light
  m_TagString: Untagged
  m_Icon: {fileID: 0}
  m_NavMeshLayer: 0
  m_StaticEditorFlags: 0
  m_IsActive: 1
--- !u!108 &2048558717
Light:
  m_ObjectHideFlags: 0
  m_CorrespondingSourceObject: {fileID: 0}
  m_PrefabInstance: {fileID: 0}
  m_PrefabAsset: {fileID: 0}
  m_GameObject: {fileID: 2048558716}
  m_Enabled: 1
  serializedVersion: 10
  m_Type: 0
  m_Shape: 0
  m_Color: {r: 1, g: 1, b: 1, a: 1}
  m_Intensity: 1
  m_Range: 10
  m_SpotAngle: 30
  m_InnerSpotAngle: 21.80208
  m_CookieSize: 10
  m_Shadows:
    m_Type: 0
    m_Resolution: -1
    m_CustomResolution: -1
    m_Strength: 1
    m_Bias: 0.05
    m_NormalBias: 0.4
    m_NearPlane: 0.2
    m_CullingMatrixOverride:
      e00: 1
      e01: 0
      e02: 0
      e03: 0
      e10: 0
      e11: 1
      e12: 0
      e13: 0
      e20: 0
      e21: 0
      e22: 1
      e23: 0
      e30: 0
      e31: 0
      e32: 0
      e33: 1
    m_UseCullingMatrixOverride: 0
  m_Cookie: {fileID: 0}
  m_DrawHalo: 0
  m_Flare: {fileID: 0}
  m_RenderMode: 0
  m_CullingMask:
    serializedVersion: 2
    m_Bits: 4294967295
  m_RenderingLayerMask: 1
  m_Lightmapping: 4
  m_LightShadowCasterMode: 0
  m_AreaSize: {x: 1, y: 1}
  m_BounceIntensity: 1
  m_ColorTemperature: 6570
  m_UseColorTemperature: 0
  m_BoundingSphereOverride: {x: 0, y: 0, z: 0, w: 0}
  m_UseBoundingSphereOverride: 0
  m_UseViewFrustumForShadowCasterCull: 1
  m_ShadowRadius: 0
  m_ShadowAngle: 0
--- !u!4 &2048558718
Transform:
  m_ObjectHideFlags: 0
  m_CorrespondingSourceObject: {fileID: 0}
  m_PrefabInstance: {fileID: 0}
  m_PrefabAsset: {fileID: 0}
  m_GameObject: {fileID: 2048558716}
  m_LocalRotation: {x: 0.7071068, y: 0, z: 0, w: 0.7071068}
  m_LocalPosition: {x: 0.18257797, y: 0, z: -0.1825781}
  m_LocalScale: {x: 1, y: 1, z: 1}
  m_Children: []
  m_Father: {fileID: 0}
  m_RootOrder: 19
  m_LocalEulerAnglesHint: {x: 90, y: 0, z: 0}
--- !u!1001 &4089060723256203652
PrefabInstance:
  m_ObjectHideFlags: 0
  serializedVersion: 2
  m_Modification:
    m_TransformParent: {fileID: 0}
    m_Modifications:
    - target: {fileID: 2965347651983259169, guid: 7736d8bb449a2d445a4d5598ffdf1e00, type: 3}
      propertyPath: m_RootOrder
      value: 20
      objectReference: {fileID: 0}
    - target: {fileID: 2965347651983259169, guid: 7736d8bb449a2d445a4d5598ffdf1e00, type: 3}
      propertyPath: m_LocalPosition.x
      value: 3.66
      objectReference: {fileID: 0}
    - target: {fileID: 2965347651983259169, guid: 7736d8bb449a2d445a4d5598ffdf1e00, type: 3}
      propertyPath: m_LocalPosition.y
      value: 5.79
      objectReference: {fileID: 0}
    - target: {fileID: 2965347651983259169, guid: 7736d8bb449a2d445a4d5598ffdf1e00, type: 3}
      propertyPath: m_LocalPosition.z
      value: 6.24
      objectReference: {fileID: 0}
    - target: {fileID: 2965347651983259169, guid: 7736d8bb449a2d445a4d5598ffdf1e00, type: 3}
      propertyPath: m_LocalRotation.w
      value: 1
      objectReference: {fileID: 0}
    - target: {fileID: 2965347651983259169, guid: 7736d8bb449a2d445a4d5598ffdf1e00, type: 3}
      propertyPath: m_LocalRotation.x
      value: 0
      objectReference: {fileID: 0}
    - target: {fileID: 2965347651983259169, guid: 7736d8bb449a2d445a4d5598ffdf1e00, type: 3}
      propertyPath: m_LocalRotation.y
      value: 0
      objectReference: {fileID: 0}
    - target: {fileID: 2965347651983259169, guid: 7736d8bb449a2d445a4d5598ffdf1e00, type: 3}
      propertyPath: m_LocalRotation.z
      value: 0
      objectReference: {fileID: 0}
    - target: {fileID: 2965347651983259169, guid: 7736d8bb449a2d445a4d5598ffdf1e00, type: 3}
      propertyPath: m_LocalEulerAnglesHint.x
      value: 0
      objectReference: {fileID: 0}
    - target: {fileID: 2965347651983259169, guid: 7736d8bb449a2d445a4d5598ffdf1e00, type: 3}
      propertyPath: m_LocalEulerAnglesHint.y
      value: 0
      objectReference: {fileID: 0}
    - target: {fileID: 2965347651983259169, guid: 7736d8bb449a2d445a4d5598ffdf1e00, type: 3}
      propertyPath: m_LocalEulerAnglesHint.z
      value: 0
      objectReference: {fileID: 0}
    - target: {fileID: 5103567479792938731, guid: 7736d8bb449a2d445a4d5598ffdf1e00, type: 3}
      propertyPath: m_Name
      value: Cylinder
      objectReference: {fileID: 0}
    m_RemovedComponents: []
  m_SourcePrefab: {fileID: 100100000, guid: 7736d8bb449a2d445a4d5598ffdf1e00, type: 3}
--- !u!1001 &6000679934926719045
PrefabInstance:
  m_ObjectHideFlags: 0
  serializedVersion: 2
  m_Modification:
    m_TransformParent: {fileID: 0}
    m_Modifications:
    - target: {fileID: 6000679935518528281, guid: 55c1886dcc18c924baf4128fd79efb9b, type: 3}
      propertyPath: m_Name
      value: Cube
      objectReference: {fileID: 0}
    - target: {fileID: 6000679935518528293, guid: 55c1886dcc18c924baf4128fd79efb9b, type: 3}
      propertyPath: m_RootOrder
      value: 18
      objectReference: {fileID: 0}
    - target: {fileID: 6000679935518528293, guid: 55c1886dcc18c924baf4128fd79efb9b, type: 3}
      propertyPath: m_LocalScale.x
      value: 1
      objectReference: {fileID: 0}
    - target: {fileID: 6000679935518528293, guid: 55c1886dcc18c924baf4128fd79efb9b, type: 3}
      propertyPath: m_LocalScale.y
      value: 1
      objectReference: {fileID: 0}
    - target: {fileID: 6000679935518528293, guid: 55c1886dcc18c924baf4128fd79efb9b, type: 3}
      propertyPath: m_LocalScale.z
      value: 1
      objectReference: {fileID: 0}
    - target: {fileID: 6000679935518528293, guid: 55c1886dcc18c924baf4128fd79efb9b, type: 3}
      propertyPath: m_LocalPosition.x
      value: 2.9
      objectReference: {fileID: 0}
    - target: {fileID: 6000679935518528293, guid: 55c1886dcc18c924baf4128fd79efb9b, type: 3}
      propertyPath: m_LocalPosition.y
      value: 1
      objectReference: {fileID: 0}
    - target: {fileID: 6000679935518528293, guid: 55c1886dcc18c924baf4128fd79efb9b, type: 3}
      propertyPath: m_LocalPosition.z
      value: -5.94
      objectReference: {fileID: 0}
    - target: {fileID: 6000679935518528293, guid: 55c1886dcc18c924baf4128fd79efb9b, type: 3}
      propertyPath: m_LocalRotation.w
      value: 1
      objectReference: {fileID: 0}
    - target: {fileID: 6000679935518528293, guid: 55c1886dcc18c924baf4128fd79efb9b, type: 3}
      propertyPath: m_LocalRotation.x
      value: 0
      objectReference: {fileID: 0}
    - target: {fileID: 6000679935518528293, guid: 55c1886dcc18c924baf4128fd79efb9b, type: 3}
      propertyPath: m_LocalRotation.y
      value: 0
      objectReference: {fileID: 0}
    - target: {fileID: 6000679935518528293, guid: 55c1886dcc18c924baf4128fd79efb9b, type: 3}
      propertyPath: m_LocalRotation.z
      value: 0
      objectReference: {fileID: 0}
    - target: {fileID: 6000679935518528293, guid: 55c1886dcc18c924baf4128fd79efb9b, type: 3}
      propertyPath: m_LocalEulerAnglesHint.x
      value: 0
      objectReference: {fileID: 0}
    - target: {fileID: 6000679935518528293, guid: 55c1886dcc18c924baf4128fd79efb9b, type: 3}
      propertyPath: m_LocalEulerAnglesHint.y
      value: 0
      objectReference: {fileID: 0}
    - target: {fileID: 6000679935518528293, guid: 55c1886dcc18c924baf4128fd79efb9b, type: 3}
      propertyPath: m_LocalEulerAnglesHint.z
      value: 0
      objectReference: {fileID: 0}
    m_RemovedComponents: []
  m_SourcePrefab: {fileID: 100100000, guid: 55c1886dcc18c924baf4128fd79efb9b, type: 3}
--- !u!1001 &8496161389740704169
PrefabInstance:
  m_ObjectHideFlags: 0
  serializedVersion: 2
  m_Modification:
    m_TransformParent: {fileID: 0}
    m_Modifications:
    - target: {fileID: 8496161387917152379, guid: eae763a47a7d2194b9f12aba704d627f, type: 3}
      propertyPath: m_Name
      value: Sphere
      objectReference: {fileID: 0}
    - target: {fileID: 8496161387917152383, guid: eae763a47a7d2194b9f12aba704d627f, type: 3}
      propertyPath: m_RootOrder
      value: 19
      objectReference: {fileID: 0}
    - target: {fileID: 8496161387917152383, guid: eae763a47a7d2194b9f12aba704d627f, type: 3}
      propertyPath: m_LocalScale.x
      value: 3
      objectReference: {fileID: 0}
    - target: {fileID: 8496161387917152383, guid: eae763a47a7d2194b9f12aba704d627f, type: 3}
      propertyPath: m_LocalScale.y
      value: 3
      objectReference: {fileID: 0}
    - target: {fileID: 8496161387917152383, guid: eae763a47a7d2194b9f12aba704d627f, type: 3}
      propertyPath: m_LocalScale.z
      value: 3
      objectReference: {fileID: 0}
    - target: {fileID: 8496161387917152383, guid: eae763a47a7d2194b9f12aba704d627f, type: 3}
      propertyPath: m_LocalPosition.x
      value: 8.87
      objectReference: {fileID: 0}
    - target: {fileID: 8496161387917152383, guid: eae763a47a7d2194b9f12aba704d627f, type: 3}
      propertyPath: m_LocalPosition.y
      value: 7.12
      objectReference: {fileID: 0}
    - target: {fileID: 8496161387917152383, guid: eae763a47a7d2194b9f12aba704d627f, type: 3}
      propertyPath: m_LocalPosition.z
      value: -6
      objectReference: {fileID: 0}
    - target: {fileID: 8496161387917152383, guid: eae763a47a7d2194b9f12aba704d627f, type: 3}
      propertyPath: m_LocalRotation.w
      value: 1
      objectReference: {fileID: 0}
    - target: {fileID: 8496161387917152383, guid: eae763a47a7d2194b9f12aba704d627f, type: 3}
      propertyPath: m_LocalRotation.x
      value: 0
      objectReference: {fileID: 0}
    - target: {fileID: 8496161387917152383, guid: eae763a47a7d2194b9f12aba704d627f, type: 3}
      propertyPath: m_LocalRotation.y
      value: 0
      objectReference: {fileID: 0}
    - target: {fileID: 8496161387917152383, guid: eae763a47a7d2194b9f12aba704d627f, type: 3}
      propertyPath: m_LocalRotation.z
      value: 0
      objectReference: {fileID: 0}
    - target: {fileID: 8496161387917152383, guid: eae763a47a7d2194b9f12aba704d627f, type: 3}
      propertyPath: m_LocalEulerAnglesHint.x
      value: 0
      objectReference: {fileID: 0}
    - target: {fileID: 8496161387917152383, guid: eae763a47a7d2194b9f12aba704d627f, type: 3}
      propertyPath: m_LocalEulerAnglesHint.y
      value: 0
      objectReference: {fileID: 0}
    - target: {fileID: 8496161387917152383, guid: eae763a47a7d2194b9f12aba704d627f, type: 3}
      propertyPath: m_LocalEulerAnglesHint.z
      value: 0
      objectReference: {fileID: 0}
    m_RemovedComponents: []
  m_SourcePrefab: {fileID: 100100000, guid: eae763a47a7d2194b9f12aba704d627f, type: 3}
